2642 4609
272 347 279 354 ’
318 367 396 441 an
433 379 469 441 ι.
512 381 549 447 v.
592 379 719 444 ose.
762 380 875 445 xvn.
1049 383 1114 452 245
1269 357 1270 364 ‘

56 560 140 630 tave
167 552 288 637 nom.
305 546 513 635 mpetum
536 546 676 637 urente
701 555 789 636 on·
819 547 974 636 χαλεπούς.
1022 552 1115 629 Quor
1215 623 1217 630 Α

61 640 163 721 quale
178 640 238 716 sit,
263 640 393 699 sortasse
406 638 607 718 intelligetur,
629 639 668 714 si,
694 640 769 718 quid
792 640 831 700 sit
850 640 934 719 quod
952 640 1115 712 Pausanias

36 719 40 726 ’
58 727 171 787 dicere
183 725 314 785 volmsss
331 723 488 800 videatur,
510 723 767 803 perpenderimus.
811 725 979 803 Significat,
1004 725 1115 805 pleris-

59 831 128 891 que
143 811 175 869 in
191 809 249 869 hac
264 829 334 869 arca
345 809 488 888 operibus
507 808 624 870 additas
641 809 854 889 inscriptiones
873 831 954 886 esse,
983 830 1115 889 quarum

57 897 185 957 litteras
198 895 312 975 partim
323 901 406 954 recto
429 891 460 976 (a
474 894 612 953 lasvs'ad
631 892 784 974 dextram)
802 898 915 975 partim
936 897 1114 975 retrogrado

59 980 177 1046 ordine
196 977 234 1061 (a
254 968 360 1039 dextra
375 979 414 1038 ad
427 979 564 1057 laevam)
578 979 709 1057 scriptos
727 981 803 1058 sint3
831 981 886 1041 sed
904 980 1016 1041 habers
1039 982 1114 1043 istas
1222 1019 1224 1024 s

57 1065 281 1145 inscriptiones
295 1065 327 1124 in
343 1062 402 1124 hao
422 1084 492 1123 arcs
512 1065 587 1124 aiios
601 1065 692 1125 etism
709 1085 815 1146 gyros,
844 1067 896 1147 qui
914 1065 988 1146 quid
1006 1068 1112 1150 velint,

58 1151 226 1232 explicatu
240 1169 303 1210 nou
316 1150 356 1209 sit
367 1148 464 1210 facile.
496 1151 564 1209 Duo
579 1170 650 1229 ergo
664 1150 739 1211 dicit
754 1171 828 1227 esse,
851 1171 928 1231 quae
942 1151 1050 1212 harum
1063 1153 1115 1212 in-

59 1236 271 1320 scriptionum
299 1235 459 1295 iectionem
482 1234 614 1295 reddant
639 1236 831 1318 impeditam,
859 1237 1115 1317 alterum,'t1nod

59 1314 308 1408 βᾳῳτροφηδὸν
322 1329 462 1380 exaratae
477 1320 546 1394 sint,
561 1322 699 1397 altar-rma,
715 1322 797 1401 qnod
813 1333 935 1401 praeter
948 1322 1015 1381 illos
1030 1323 1113 1383 litte-
1198 1328 1203 1337 ‘

59 1427 176 1468 rarum
184 1405 395 1466 conversiones
406 1427 424 1464 s
437 1403 524 1466 laeva
537 1404 576 1464 ad
594 1405 731 1465 dextram
745 1416 775 1466 et
791 1428 809 1465 a
823 1407 931 1468 dextra
946 1407 984 1466 sd
996 1409 1114 1470 laevam

60 1493 145 1553 slios
163 1492 251 1552 etiam
272 1511 363 1571 gyros
385 1488 516 1550 habeant
536 1489 673 1551 difficiles
693 1492 860 1552 intellectu.
887 1493 986 1552 Alias
1004 1492 1114 1556 harum

58 1577 297 1661 inscriptionum
311 1576 370 1635 alia
383 1595 475 1635 manu
488 1575 608 1655 alioque
624 1584 761 1656 tempore
776 1578 870 1637 saetas
891 1599 971 1654 esse,
1001 1581 1114 1640 nemini

59 1664 101 1724 in
116 1671 246 1724 mentem
257 1661 362 1720 venire
374 1670 475 1739 potest
490 1661 637 1744 suspicari
645 1705 654 1736 ,
677 1661 728 1739 qui
736 1705 746 1735 ,
774 1663 862 1742 quod·
872 1663 1031 1723 Pausmias
1045 1685 1111 1744 cap.

17 1811 22 1818 .
61 1753 113 1815 19
126 1756 204 1808 extr.
219 1748 257 1806 ds
275 1746 384 1806 harum
401 1746 632 1826 inscriptionum
648 1755 772 1806 auctore
793 1747 884 1823 dicit,
904 1748 1019 1823 legerit.
1072 1750 1113 1810 Hi

62 1853 144 1912 ergo
163 1831 279 1914 ἑλιγμοὶ·
290 1831 497 1911 συμβαλέσθαι
519 1829 639 1910 χαλεποὶ
655 1851 716 1890 non
740 1832 917 1916 quibusdan]
937 1833 1045 1893 harum
1063 1833 1114 1893 in·

61 1917 268 1997 scriptionum
281 1916 414 1997 proprii,
445 1917 498 1977 sed
513 1917 650 1978 omuibus
667 1937 838 1977 communes
850 1918 990 1977 fuerunt:
1020 1939 1113 1997 qnsre

60 2023 168 2082 neque
179 2003 348 2082 Sylburgio,
372 2003 424 2081 qui
435 2000 545 2062 harum
559 2002 791 2082 inscriptionum
809 2003 868 2063 duo
884 2023 990 2081 genera
1006 2004 1114 2064 distin-

64 2083 153 2170 guit,
181 2089 213 2148 in
228 2107 357 2165 quorum
370 2088 464 2147 altero
479 2089 589 2147 ductus
605 2088 719 2146 suerint
738 2088 887 2147 intricatis
911 2098 942 2147 et
959 2090 1113 2169 perplexis

64 2173 170 2255 gyris,
197 2172 231 2232 iu
247 2173 342 2234 altero
362 2172 480 2233 litterae
503 2184 641 2234 exaratae
661 2193 745 2232 more
767 2173 933 2243 Hebraico,
964 2175 1113 2248 assentiri,

63 2279 178 2339 neque,
203 2277 293 2339 quam
307 2256 399 2318 modo
413 2259 578 2335 attulimus,
601 2254 739 2318 Clavierii
751 2259 911 2318 lectionem
926 2259 991 2318 sire
1003 2260 1114 2339 Heynii

66 2344 278 2424 conjecturam
298 2343 430 2424 probaro
450 2364 621 2424 possumus.
666 2343 749 2417 Quid
764 2345 904 2404 Weisker
926 2337 1113 2423 cogitauerit,

66 2431 212 2511 equidem
232 2449 293 2489 uon
308 2429 475 2509 perspicio:
502 2432 529 2489 is
550 2431 805 2510 enimpostquam
818 2429 839 2488 l.
854 2450 881 2488 c.
906 2449 975 2489 eum
994 2431 1113 2510 Heynio

66 2515 226 2595 supplevit
243 2514 360 2594 ἔχοντα,
381 2513 441 2572 hoc
454 2515 553 2574 addit:
583 2514 681 2573 »Also
698 2513 746 2573 die
760 2515 949 2594 Epigramma
955 2556 965 2589 ,
993 2534 1043 2573 wo
1059 2516 1114 2574 der

66 2603 169 2662 naum
181 2598 267 2658 nicht
280 2598 437 2658 zureichte
452 2599 500 2658 die
514 2600 615 2659 Zeileu
628 2608 720 2657 unter
735 2600 879 2658 einander
893 2619 931 2657 zu
946 2597 1113 2675 schreiben,

65 2685 134 2746 iras
150 2679 505 2765 immerdousspotpqddv
521 2682 667 2762 gsschuh,
697 2703 802 2744 waren
820 2680 972 2758 zwischen
988 2682 1046 2743 den
1062 2684 1115 2742 Fi·
1155 2715 1157 2724 ι

68 2791 168 2851 fflnen
182 2767 413 2848 durchgcsulrrt,
441 2772 473 2829 in
487 2769 610 2849 allerlsy
620 2768 829 2847 Windungen‚
860 2768 910 2828 die
928 2788 997 2826 man
1019 2767 1115 2829 leicht

68 2851 237 2933 veriolgen,
259 2854 424 2915 ubersehen
434 2856 548 2915 konnte
563 2854 616 2936 (ἲ).
643 2852 736 2913 Nicht
752 2874 814 2912 von
827 2853 1113 2914 unverstdndlichen

68 2940 368 3003 Schriftschntirkeln
396 2939 512 3020 spricht
540 2960 591 3015 er,
626 2938 688 2999 wis
713 2939 818 3020 Heyne
846 2941 876 2998 S.
901 2944 941 3005 18
967 2938 1113 3000 versteht.

58 3019 218 3103 ''Ait-oue,
245 3022 356 3085 andere
383 3026 428 3085 als
453 3025 532 3085 nach
558 3025 613 3085 der
632 3024 737 3084 linken
759 3026 838 3085 Seite
859 3023 1115 3085 stariicklaufende

67 3113 188 3187 Linien,
210 3111 259 3171 die
271 3130 376 3188 wegen
397 3110 450 3170 der
468 3109 757 3189 Ungewohnheitim
769 3110 864 3170 Lescu
880 3115 1011 3188 st'drten5
1033 3105 1115 3170 decit

68 3197 200 3259 wurdeu
214 3195 354 3257 dadurch
373 3196 422 3255 die
434 3196 535 3256 Zeileu
556 3193 642 3255 nicht
666 3194 872 3277 συμβαλέσθαι
887 3197 1027 3274 χαλεποί,
1054 3194 1115 3258 wie

68 3281 174 3345 druch
186 3282 235 3341 dis
254 3281 524 3360 uuregelmissigeu
534 3269 758 3358 madungen«
783 3281 861 3340 .Nos
883 3290 1038 3359 supertes
1057 3278 1116 3346 lra-¹

66 3377 393 3529 iiiia-diffidi?
412 3388 477 3513 ii,
490 3376 852 3535 ‘tttttttntfttt
870 3366 1116 3532 {stunt

67 3544 309 3620 interpretamur
320 3560 410 3622 pyros
425 3539 558 3620 conjectu
572 3532 729 3619 difficiles,
751 3536 887 3597 similiter
896 3537 1014 3599 Clavisr
1035 3555 1118 3615 »qus

68 3629 158 3690 lsurt
174 3634 316 3683 contours
328 3623 455 3684 rendent
470 3621 686 3684 tres-difficiles
701 3624 718 3682 d
735 3620 906 3686 dichiffrer.
915 3645 931 3681 n
957 3632 988 3682 ct
998 3621 1117 3700 Nibby:

35 3747 41 3758 ·
70 3731 159 3771 neon
166 3707 246 3769 nessi
253 3708 366 3768 difficili
376 3708 413 3767 ad
421 3708 616 3769 intenderat«
630 3707 922 3788 Deniqucreliqisum
929 3717 983 3785 est,
990 3715 1033 3782 ut,
1043 3702 1119 3787 quid

70 3816 135 3861 nos
150 3794 253 3856 dehoc
265 3796 336 3855 loco
350 3793 521 3872 sentiamus,
530 3789 704 3872 adjiciatur:
719 3788 873 3854 censemus
886 3804 985 3856 antem
1001 3792 1120 3852 sumita

72 3880 290 3960 corrigendum
297 3898 376 3939 0⁸⁸0:
392 3876 590 3963 spumaret
601 3877 831 3963 inirfitdpsuss
843 3879 898 3943 καὶ
906 3871 1049 3953 ἄλλοιςτᾶ
1057 3876 1120 3941 ins·

73 3962 239 4054 γράμματα
246 3965 376 4048 ἑλιγμοῖς
385 3963 751 4046 συμβαλέσθαιχαλεποῖς.
765 3965 827 4024 Cur
835 3965 912 4025 enim
918 3963 1003 4022 mulis
1015 3963 1122 4024 imme-

74 4053 139 4115 atto
149 4049 382 4132 reprehendere,
392 4069 491 4129 quom,
500 4049 583 4130 quod
592 4048 713 4110 ridetur
722 4051 921 4110 necessarium
929 4067 1003 4122 esse,
1010 4047 1123 4110 admit·

78 4137 232 4202 teroham
240 4133 778 4217 conectionemttncouicssngelieo
785 4128 1122 4219 estsvppdttssunpro
